@ARTICLE{janus_interface,
  title     = {Janus Interface Materials: A Critical Review and Comparative
               Study},
  author    = {Koşak Söz, Çağla and Trosien, Simon and Biesalsk, Markus},
  journal   = {ACS Materials Lett.},
  publisher = {American Chemical Society},
  volume    =  2,
  number    =  4,
  pages     = {336--357},
  doi       = {10.1021/acsmaterialslett.9b00489},
  month     =  apr,
  year      =  2020
}

@ARTICLE{jta_poc,
  title    = {Enhanced tendon healing by a tough hydrogel with an adhesive side
              and high drug-loading capacity},
  author   = {Freedman, Benjamin R and Kuttler, Andreas and Beckmann, Nicolau
              and Nam, Sungmin and Kent, Daniel and Schuleit, Michael and
              Ramazani, Farshad and Accart, Nathalie and Rock, Anna and Li,
              Jianyu and Kurz, Markus and Fisch, Andreas and Ullrich, Thomas
              and Hast, Michael W and Tinguely, Yann and Weber, Eckhard and
              Mooney, David J},
  journal  = {Nature Biomedical Engineering},
  volume   =  6,
  number   =  10,
  pages    = {1167--1179},
  doi      = {10.1038/s41551-021-00810-0},
  month    =  oct,
  year     =  2022
}


@ARTICLE{mooney_drug,
  title    = {Designing hydrogels for controlled drug delivery},
  author   = {Li, Jianyu and Mooney, David J},
  journal  = {Nature Reviews Materials},
  volume   =  1,
  number   =  12,
  pages    = {16071},
  doi      = {10.1038/natrevmats.2016.71},
  month    =  oct,
  year     =  2016
}


@ARTICLE{nsaids,
  title    = {Clinical Pharmacokinetics of Non-steroidal Anti-inflammatory
              Drugs},
  author   = {Verbeeck, Roger K and Blackburn, Jim L and Loewen, Gordon R},
  journal  = {Clinical Pharmacokinetics},
  volume   =  8,
  number   =  4,
  pages    = {297--331},
  doi      = {10.2165/00003088-198308040-00003},
  month    =  aug,
  year     =  1983
}
